<?xml version="1.0" encoding="UTF-8"?><collection xmlns="http://www.loc.gov/MARC21/slim"><record><leader>00405nam--2200133-i-4500</leader><controlfield tag="001">000045320</controlfield><controlfield tag="002">20161230</controlfield><controlfield tag="005">20161230201045</controlfield><controlfield tag="008">060222s1000------------r-----000-0-eng-d</controlfield><datafield ind1=" " ind2=" " tag="080"><subfield code="a">621.382(043)</subfield></datafield><datafield ind1=" " ind2=" " tag="100"><subfield code="a">Traore, Mahama Yves</subfield></datafield><datafield ind1=" " ind2=" " tag="245"><subfield code="a">Realisation, etude et modelisation de diodes schotthy sur germanium intrinseque. these</subfield></datafield><datafield ind1=" " ind2=" " tag="260"><subfield code="a">Grenoble, Inst.National Polytechnique, 1981, 123p</subfield></datafield><datafield ind1=" " ind2=" " tag="852"><subfield code="a">71123</subfield></datafield></record></collection>